@MastersThesis{Irene:PFC:2014,
  author = {María Irene de Orbe Izquierdo},
  title = {{Biometric Signal Monitoring with Wireless Body Sensor Networks for Real-Time Symptomatic Crisis Prediction}},
  school = {Technical University of Madrid, ETSI Telecomunicación},
  address = {Madrid},
  year = {2014},
}

%%%%%%%%%%%%%%%%%%%%%%%%%%%%%%%%%%%%%%%% Introduction
@Article{pmid18843167,
  Author="Hao, Y.  and Foster, R. ",
  Title="{{W}ireless body sensor networks for health-monitoring applications}",
  Journal="Physiol Meas",
  Year="2008",
  Volume="29",
  Number="11",
  Pages="27--56",
  Month="Nov"
}

@manual{OPSOMSEstrategia,
        title = {Estrategia y plan de acción sobre e{S}alud},
        organization = {Organización Panamericana de la Salud, Organización Mundial de la Salud},
        year = {2001},
        note = {Punto 4.10 del orden del día provisional del 51º Consejo Directivo, 63ª Sesión del Comité Regional. CD51/13},
}

@article{kay2011mhealth,
 title={m{H}ealth: New horizons for health through mobile technologies},
 author={Kay, Misha},
 journal={World Health Organization},
 year={2011}
}

@misc{SENmigsinaura,
        title={Migraña sin aura},
author={Sociedad Española de Neurología. Grupo de Estudio de Cefalea},        howpublished={\url{http://cefaleas.sen.es/publico/migran_sin_aura.htm}},
        note={Accessed: 2013-10-28}
}

@misc{SENmigaura,
        title={Migraña con aura},
author={Sociedad Española de Neurología. Grupo de Estudio de Cefalea},        howpublished={\url{http://cefaleas.sen.es/publico/migran_con_aura.htm}},
        note={Accessed: 2013-10-28}
}

@misc{CUNcefmig,
        title={Cefaleas y migrañas},
author={Clínica Universidad de Navarra},
howpublished={\url{http://www.cun.es/area-salud/microsite-dolor/temas-dolor/cefaleas-migranas}},
        note={Accessed: 2013-10-28}
}

@misc{IBCinsatisfacc,
        title={Insatisfacción con el tratamiento de la migraña},
        author={Instituto Balear de Cefaleas},        howpublished={\url{http://www.cefaleasib.com/cefaleasib/content/74/index.html%3Fs=14.html}},
        note={Accessed: 2013-10-28}
}

@Article{MigAgudaEarlyTreat,
  Author="John F. Rothrock, MD",
  Title="Material Educativo de Cefaleas. {M}igraña Aguda: Tratamiento Temprano",
  Journal="Headache: The Journal of Head and Face Pain. American Headache Society",
  Year="2010",
}

@article{Linde:2012:CostMigraineEU,
  author={M. Linde and D. Rastenyte and E. Ruiz de la Torre and
                  C. Tassorelli and C. Andr{\'e}e and A. Gustavsson and
                  L. J. Stovner and others},
  year={2012},
  title={The cost of headache disorders in Europe: the Eurolight project},
  journal={European journal of neurology : the official journal of the European Federation of Neurological Societies},
  volume={19},
  number={5},
  pages={703-711},
  
  isbn={1351-5101},
  language={English}
}

%%%%%%%%%%%%%%%%%%%%%%%%%%%%%%%%%%%%%%%%%%% State of the art
%%%%MIGRAINE
@Article{pmid23771276,
  Author="Headache Classification Committee of the International Headache Society (IHS)",
  Title="{{T}he {I}nternational {C}lassification of {H}eadache {D}isorders, 3rd edition (beta version)}",
  Journal="Cephalalgia",
  Year="2013",
  Volume="33",
  Number="9",
  Pages="629--808",
  Month="Jul",
Note={[DOI:\href{http://dx.doi.org/10.1177/0333102413485658}{10.1177/0333102413485658}] [PubMed:\href{http://www.ncbi.nlm.nih.gov/pubmed/23771276}{23771276}] }
}

@article{diener2012chronic,
 title={Chronic migraine—classification, characteristics and treatment},
 author={Diener, Hans-Christoph and Dodick, David W and Goadsby, Peter J and Lipton, Richard B and Olesen, Jes and Silberstein, Stephen D},
 journal={Nature Reviews Neurology},
 volume={8},
 number={3},
 pages={162--171},
 year={2012},
 publisher={Nature Publishing Group}
}

@article{hershey2010current,
 title={Current approaches to the diagnosis and management of paediatric migraine},
 author={Hershey, Andrew D},
 journal={The Lancet Neurology},
 volume={9},
 number={2},
 pages={190--204},
 year={2010},
 publisher={Elsevier}
}

@article{silberstein2012safety,
 title={Safety and efficacy of peripheral nerve stimulation of the occipital nerves for the management of chronic migraine: results from a randomized, multicenter, double-blinded, controlled study},
 author={Silberstein, Stephen D and Dodick, David W and Saper, Joel and Huh, Billy and Slavin, Konstantin V and Sharan, Ashwini and Reed, Ken and Narouze, Samer and Mogilner, Alon and Goldstein, Jerome and others},
 journal={Cephalalgia},
 pages={0333102412462642},
 year={2012},
 publisher={SAGE Publications}
}

@article{guglielmo2013possible,
 title={A possible new option for migraine management: agomelatine},
 author={Guglielmo, Riccardo and Martinotti, Giovanni and Di Giannantonio, Massimo and Janiri, Luigi},
 journal={Clinical neuropharmacology},
 volume={36},
 number={2},
 pages={65--67},
 year={2013},
 publisher={LWW}
}

@article{lopes2012concepts,
 title={Concepts in Acute Migraine Management: Clinical and Managed Care Perspectives},
 author={Lopes, Maria and Dunn, Jeffrey D and Calhoun, AH and Rapoport, Alan M},
 journal={American Journal of Pharmacy},
 volume={4},
 number={5},
 pages={201--206},
 year={2012}
}

@article{smelt2014patients,
 title={What Do Patients Consider to Be the Most Important Outcomes for Effectiveness Studies on Migraine Treatment? Results of a {D}elphi Study},
 author={Smelt, Antonia FH and Louter, Mark A and Kies, Dennis A and Blom, Jeanet W and Terwindt, Gisela M and van der Heijden, Geert JMG and De Gucht, V{\'e}ronique and Ferrari, Michel D and Assendelft, Willem JJ},
 journal={PLOS ONE},
 volume={9},
 number={6},
 pages={e98933},
 year={2014},
 publisher={Public Library of Science}
}

@article {HEAD:HEAD1867,
author = {Lantéri-Minet, Michel and Massiou, Hélène and Romatet, Sophie and Barba, Adeline and Lucas, Christian and Allaf, Bashar},
title = {An Instrument to Assess Patient Perceptions of Satisfaction With Acute Migraine Treatment ({EXPERT} Study)},
journal = {Headache: The Journal of Head and Face Pain},
volume = {51},
number = {4},
publisher = {Blackwell Publishing Inc},
issn = {1526-4610},
url = {http://dx.doi.org/10.1111/j.1526-4610.2011.01867.x},
doi = {10.1111/j.1526-4610.2011.01867.x},
pages = {590--601},
keywords = {migraine, satisfaction with treatment, treatment effectiveness, treatment evaluation, triptans, general medical practice},
year = {2011},
}

@article{melek2007autonomic,
 title={Autonomic dysfunction and cardiac repolarization abnormalities in patients with migraine attacks.},
 author={Melek, Ismet M and Seyfeli, Ergun and Duru, Mehmet and Duman, Taskin and Akgul, Ferit and Yalcin, Fatih},
 journal={Medical science monitor: international medical journal of experimental and clinical research},
 volume={13},
 number={3},
 pages={RA47--9},
 year={2007}
}

@article{aygun2003electrocardiographic,
 title={Electrocardiographic changes during migraine attacks},
 author={Aygun, D and Altintop, L and Doganay, Z and Guven, H and Baydin, A},
 journal={Headache: The Journal of Head and Face Pain},
 volume={43},
 number={8},
 pages={861--866},
 year={2003},
 publisher={Wiley Online Library}
}

@Article{pmid23853566,
  Author="Vollono, C.  and Gnoni, V.  and Testani, E.  and Dittoni, S.  and Losurdo, A.  and Colicchio, S.  and Di Blasi, C.  and Mazza, S.  and Farina, B.  and Della Marca, G. ",
  Title="{{H}eart rate variability in sleep-related migraine without aura}",
  Journal="J Clin Sleep Med",
  Year="2013",
  Volume="9",
  Number="7",
  Pages="707--714",
  Month="Jul",
  Note={[PubMed Central:\href{http://www.ncbi.nlm.nih.gov/pmc/articles/PMC3671337}{PMC3671337}] [DOI:\href{http://dx.doi.org/10.5664/jcsm.2846}{10.5664/jcsm.2846}] [PubMed:\href{http://www.ncbi.nlm.nih.gov/pubmed/23853566}{23853566}] }
}

@Article{pmid19925627,
  Author="Domingues, R. B.  and Fonseca, K. B.  and Ziviane, L. F.  and Domingues, S. A.  and Vassalo, D. ",
  Title="{{A}ltered cardiovascular reactivity to mental stress but not to cold pressure test in migraine}",
  Journal="Headache",
  Year="2010",
  Volume="50",
  Number="1",
  Pages="133--137",
  Month="Jan",
  Note={[DOI:\href{http://dx.doi.org/10.1111/j.1526-4610.2009.01567.x}{10.1111/j.1526-4610.2009.01567.x}] [PubMed:\href{http://www.ncbi.nlm.nih.gov/pubmed/19925627}{19925627}] }
}

@article{zaproudina2013acral,
 title={Acral coldness in migraineurs},
 author={Zaproudina, Nina and Lipponen, Jukka A and Karjalainen, Pasi A and Kamshilin, Alexei A and Giniatullin, Rashid and N{\"a}rhi, Matti},
 journal={Autonomic Neuroscience},
 year={2013},
 publisher={Elsevier}
}

@article{ordas2013increase,
 title={Increase in Body Temperature During Migraine Attacks},
 author={Ord{\'a}s, Carlos M and Cuadrado, Mar{\'\i}a L and Rodr{\'\i}guez-Cambr{\'o}n, Ana B and Casas-Lim{\'o}n, Javier and del Prado, N{\'a}yade and Porta-Etessam, Jes{\'u}s},
 journal={Pain Medicine},
 volume={14},
 number={8},
 pages={1260--1264},
 year={2013},
 publisher={Wiley Online Library}
}

@article{pietrini2005hypertension,
 title={Hypertension in headache patients? {A} clinical study},
 author={Pietrini, U and De Luca, M and De Santis, G},
 journal={Acta neurologica scandinavica},
 volume={112},
 number={4},
 pages={259--264},
 year={2005},
 publisher={Wiley Online Library}
}

@article{bjork2011initiates,
 title={What initiates a migraine attack? {C}onclusions from four longitudinal studies of quantitative {EEG} and steady-state visual-evoked potentials in migraineurs},
 author={Bj{\o}rk, M and Stovner, LJ and Hagen, K and Sand, T},
 journal={Acta Neurologica Scandinavica},
 volume={124},
 number={s191},
 pages={56--63},
 year={2011},
 publisher={Wiley Online Library}
}

@article{walker2011qeeg,
 title={{QEEG}-guided neurofeedback for recurrent migraine headaches},
 author={Walker, Jonathan E},
 journal={Clinical EEG and Neuroscience},
 volume={42},
 number={1},
 pages={59--61},
 year={2011},
 publisher={SAGE Publications}
}

@article{charles2013cortical,
 title={Cortical spreading depression and migraine},
 author={Charles, Andrew C and Baca, Serapio M},
 journal={Nature Reviews Neurology},
 volume={9},
 number={11},
 pages={637--644},
 year={2013},
 publisher={Nature Publishing Group}
}

@article{bolay2011does,
 title={Does low atmospheric pressure independently trigger migraine?},
 author={Bolay, Hayrunnisa and Rapoport, Alan},
 journal={Headache: The Journal of Head and Face Pain},
 volume={51},
 number={9},
 pages={1426--1430},
 year={2011},
 publisher={Wiley Online Library}
}

@article{friedman2009migraine,
 title={Migraine and the environment},
 author={Friedman, Deborah I and De Ver Dye, Timothy},
 journal={Headache: The Journal of Head and Face Pain},
 volume={49},
 number={6},
 pages={941--952},
 year={2009},
 publisher={Wiley Online Library}
}

@article{prince2004effect,
 title={The effect of weather on headache},
 author={Prince, Patricia B and Rapoport, Alan M and Sheftell, Fred D and Tepper, Stewart J and Bigal, Marcelo E},
 journal={Headache: The Journal of Head and Face Pain},
 volume={44},
 number={6},
 pages={596--602},
 year={2004},
 publisher={Wiley Online Library}
}

%%%%eHEALTH and WBSN
@article{black2011impact,
 title={The impact of e{H}ealth on the quality and safety of health care: a systematic overview},
 author={Black, Ashly D and Car, Josip and Pagliari, Claudia and Anandan, Chantelle and Cresswell, Kathrin and Bokun, Tomislav and McKinstry, Brian and Procter, Rob and Majeed, Azeem and Sheikh, Aziz},
 journal={PLoS medicine},
 volume={8},
 number={1},
 pages={e1000387},
 year={2011},
 publisher={Public Library of Science}
}

@article{schiff2010can,
 title={Can electronic clinical documentation help prevent diagnostic errors?},
 author={Schiff, Gordon D and Bates, David W},
 journal={New England Journal of Medicine},
 volume={362},
 number={12},
 pages={1066--1069},
 year={2010},
 publisher={Mass Medical Soc}
}

@article{anker2011telemedicine,
 title={Telemedicine and remote management of patients with heart failure},
 author={Anker, Stefan D and Koehler, Friedrich and Abraham, William T},
 journal={The Lancet},
 volume={378},
 number={9792},
 pages={731--739},
 year={2011},
 publisher={Elsevier}
}

@article{kanter2012importance,
 title={The importance of using open source technologies and common standards for interoperability within e{H}ealth: perspectives from the {M}illennium {V}illages {P}roject},
 author={Kanter, Andrew S and Borland, Rob and Barasa, Mourice and Iiams-Hauser, Casey and Velez, Olivia and Kaonga, Nadi Nina and Berg, Matt},
 journal={Advances in health care management},
 volume={12},
 pages={189--204},
 year={2012},
 publisher={Emerald Group Publishing Limited}
}

@article{aragues2011trends,
 title={Trends and challenges of the emerging technologies toward interoperability and standardization in e-health communications},
 author={Aragues, Antonio and Escayola, Javier and Mart{\'\i}nez, Ignacio and del Valle, Pilar and Mu{\~n}oz, Pilar and Trigo, Jes{\'u}s D and Garc{\'\i}a, Jos{\'e}},
 journal={Communications Magazine, IEEE},
 volume={49},
 number={11},
 pages={182--188},
 year={2011},
 publisher={IEEE}
}

@article{van2010definition,
 title={Definition of Health 2.0 and Medicine 2.0: a systematic review},
 author={Van De Belt, Tom H and Engelen, Lucien JLPG and Berben, Sivera AA and Schoonhoven, Lisette},
 journal={Journal of medical Internet research},
 volume={12},
 number={2},
 year={2010},
 publisher={Internet Healthcare Coalition}
}

@article{archer2011personal,
 title={Personal health records: a scoping review},
 author={Archer, N and Fevrier-Thomas, U and Lokker, Cynthia and McKibbon, K Ann and Straus, SE},
 journal={Journal of the American Medical Informatics Association},
 volume={18},
 number={4},
 pages={515--522},
 year={2011},
 publisher={BMJ Publishing Group Ltd}
}

@article{romano2011electronic,
 title={Electronic health records and clinical decision support systems: impact on national ambulatory care quality},
 author={Romano, Max J and Stafford, Randall S},
 journal={Archives of internal medicine},
 volume={171},
 number={10},
 pages={897--903},
 year={2011},
 publisher={American Medical Association}
}



@article{pawar2012framework,
 title={A framework for the comparison of mobile patient monitoring systems},
 author={Pawar, Pravin and Jones, Val and Van Beijnum, Bert-Jan F and Hermens, Hermie},
 journal={Journal of biomedical informatics},
 volume={45},
 number={3},
 pages={544--556},
 year={2012},
 publisher={Elsevier}
}

@article{dobkin2011promise,
 title={The promise of m{H}ealth daily activity monitoring and outcome assessments by wearable sensors},
 author={Dobkin, Bruce H and Dorsch, Andrew},
 journal={Neurorehabilitation and Neural Repair},
 volume={25},
 number={9},
 pages={788--798},
 year={2011},
 publisher={SAGE Publications}
}

@article{baum2013market,
 title={Market Developments--Remote Patient Monitoring and Treatment, Telecare, Fitness/Wellness and mHealth},
 author={Baum, Peter and Abadie, Fabienne and Lupia{\~n}ez, Francisco Villanueva and Maghiros, Ioannis and Mora, Elena Villalba and Talaya, Maria Bernarda Zamora},
 year={2013}
}

@article{wuttidittachotti2014mhealth,
 title={mHealth: A Design of Recommended Exercise System on {A}ndroid Operating System},
 author={WUTTIDITTACHOTTI, Pongpisit and ROBMEECHAI, Sineerat and DAENGSI, Therdpong},
 journal={Walailak Journal of Science and Technology (WJST)},
 volume={12},
 number={1},
 year={2014}
}

@article{o2013current,
 title={Current m{H}ealth technologies for physical activity assessment and promotion},
 author={O’Reilly, Gillian A and Spruijt-Metz, Donna},
 journal={American journal of preventive medicine},
 volume={45},
 number={4},
 pages={501--507},
 year={2013},
 publisher={Elsevier}
}

@article{pfaeffli2012mhealth,
 title={A m{H}ealth cardiac rehabilitation exercise intervention: findings from content development studies},
 author={Pfaeffli, Leila and Maddison, Ralph and Whittaker, Robyn and Stewart, Ralph and Kerr, Andrew and Jiang, Yannan and Kira, Geoff and Carter, Karen and Dalleck, Lance},
 journal={BMC cardiovascular disorders},
 volume={12},
 number={1},
 pages={36},
 year={2012},
 publisher={BioMed Central Ltd}
}

@article{verhagen2013peek,
 title={A peek into the future of sports medicine: the digital revolution has entered our pitch},
 author={Verhagen, Evert A and Clarsen, B and Bahr, R},
 journal={British journal of sports medicine},
 pages={bjsports--2013},
 year={2013},
 publisher={BMJ Publishing Group Ltd and British Association of Sport and Exercise Medicine}
}

@article{godoy2013virtual,
 title={Virtual Validity: mHealth Simulation Games, Diagnostic Indicators, and Behavior Change},
 author={Godoy, Carlos Gustavo and Miller, Lynn Carol and Corsbie-Massay, Charisse and Christensen, John L and Appleby, Paul Robert and Read, Stephen J and Si, Mei},
 journal={Journal of Mobile Technology in Medicine},
 volume={2},
 number={4s},
 pages={17--17},
 year={2013}
}

@article{gomez2010wireless,
 title={Wireless home automation networks: A survey of architectures and technologies},
 author={Gomez, Carles and Paradells, Josep},
 journal={IEEE Communications Magazine},
 volume={48},
 number={6},
 pages={92--101},
 year={2010},
 publisher={IEEE Press}
}

@inproceedings{akerberg2011future,
 title={Future research challenges in wireless sensor and actuator networks targeting industrial automation},
 author={Akerberg, Johan and Gidlund, Mikael and Bjorkman, M},
 booktitle={Industrial Informatics (INDIN), 2011 9th IEEE International Conference on},
 pages={410--415},
 year={2011},
 organization={IEEE}
}

@article{zapater2012ubiquitous,
 title={Ubiquitous green computing techniques for high demand applications in smart environments},
 author={Zapater, Marina and Sanchez, Cesar and Ayala, Jose L and Moya, Jose M and Risco-Mart{\'\i}n, Jos{\'e} L},
 journal={Sensors},
 volume={12},
 number={8},
 pages={10659--10677},
 year={2012},
 publisher={Molecular Diversity Preservation International}
}

@inproceedings{khanna2012machine,
 title={Machine learning approach to data center monitoring using wireless sensor networks},
 author={Khanna, Rahul and Liu, Huaping},
 booktitle={Global Communications Conference (GLOBECOM), 2012 IEEE},
 pages={689--694},
 year={2012},
 organization={IEEE}
}

@article{journals/jst/AbidoyeAAAN11,
 added-at = {2013-01-11T00:00:00.000+0100},
 author = {Abidoye, A. P. and Azeez, N. A. and Adesina, Ademola O. and Agbele, Kehinde Kayode and Nyongesa, H. O.},
 biburl = {http://www.bibsonomy.org/bibtex/2529feb8aa37287a5c9814bbd5c7073dd/dblp},
 ee = {http://dx.doi.org/10.4236/jst.2011.12004},
 interhash = {1c5ff6582dfef018fdba2150cc1f256e},
 intrahash = {529feb8aa37287a5c9814bbd5c7073dd},
 journal = {J. Sensor Technology},
 keywords = {dblp},
 number = 2,
 pages = {22-28},
 timestamp = {2013-01-11T00:00:00.000+0100},
 title = {Using Wearable Sensors for Remote Healthcare Monitoring System.},
 url = {http://dblp.uni-trier.de/db/journals/jst/jst1.html#AbidoyeAAAN11},
 volume = 1,
 year = 2011
}

@article{ko2010wireless,
 title={Wireless sensor networks for healthcare},
 author={Ko, JeongGil and Lu, Chenyang and Srivastava, Mani B and Stankovic, John A and Terzis, Andreas and Welsh, Matt},
 journal={Proceedings of the IEEE},
 volume={98},
 number={11},
 pages={1947--1960},
 year={2010},
 publisher={IEEE}
}

@article{chen2013review,
 title={A review of three-layer wireless body sensor network systems in healthcare for continuous monitoring},
 author={Chen, Chen and Knoll, Alois and Wichmann, H-Erich and Horsch, Alexander},
 journal={Journal of Modern Internet of Things},
 volume={2},
 number={3},
 year={2013},
 publisher={American V-King Scientific Publishing}
}

@article{Otto:2005:SAW:2010498.2010502,
author = {Otto, Chris and Milenkovi\'{c}, Aleksandar and Sanders, Corey and Jovanov, Emil},
title = {System Architecture of a Wireless Body Area Sensor Network for Ubiquitous Health Monitoring},
journal = {J. Mob. Multimed.},
issue_date = {January 2005},
volume = {1},
number = {4},
month = jan,
year = {2005},
issn = {1550-4646},
pages = {307--326},
numpages = {20},
url = {http://dl.acm.org/citation.cfm?id=2010498.2010502},
acmid = {2010502},
publisher = {Rinton Press, Incorporated},
address = {Paramus, NJ},
keywords = {body area networks, health monitoring, wearable computing, wireless sensors},
}

@article{jovanov2011body,
 title={Body area networks for ubiquitous healthcare applications: opportunities and challenges},
 author={Jovanov, Emil and Milenkovic, Aleksandar},
 journal={Journal of medical systems},
 volume={35},
 number={5},
 pages={1245--1254},
 year={2011},
 publisher={Springer}
}

@inproceedings{jovanov2009system,
 title={System Architecture of Wireless Body Sensor Networks},
 author={Jovanov, Emil},
 booktitle={Wearable Micro and Nano Technologies for Personalized Health (pHealth), 2009 6th International Workshop on},
 pages={45--48},
 year={2009},
 organization={IEEE}
}

@article{dilmaghani2011wireless,
 title={Wireless sensor networks for monitoring physiological signals of multiple patients},
 author={Dilmaghani, Reza S and Bobarshad, Hossein and Ghavami, Mohammad and Choobkar, Sabrieh and Wolfe, Charles},
 journal={Biomedical Circuits and Systems, IEEE Transactions on},
 volume={5},
 number={4},
 pages={347--356},
 year={2011},
 publisher={IEEE}
}

@article{jovanov2003stress,
 title={Stress monitoring using a distributed wireless intelligent sensor system},
 author={Jovanov, Emil and O'Donnell Lords, Amanda and Raskovic, Dejan and Cox, Paul G and Adhami, Reza and Andrasik, Frank},
 journal={Engineering in Medicine and Biology Magazine, IEEE},
 volume={22},
 number={3},
 pages={49--55},
 year={2003},
 publisher={IEEE}
}

@article{nasoz2004emotion,
 title={Emotion recognition from physiological signals using wireless sensors for presence technologies},
 author={Nasoz, Fatma and Alvarez, Kaye and Lisetti, Christine L and Finkelstein, Neal},
 journal={Cognition, Technology \& Work},
 volume={6},
 number={1},
 pages={4--14},
 year={2004},
 publisher={Springer}
}

@inproceedings{espina2006wireless,
 title={Wireless body sensor network for continuous cuff-less blood pressure monitoring},
 author={Espina, Javier and Falck, Thomas and Muehlsteff, Jens and Aubert, Xavier},
 booktitle={Medical Devices and Biosensors, 2006. 3rd IEEE/EMBS International Summer School on},
 pages={11--15},
 year={2006},
 organization={IEEE}
}

@inproceedings{chung2008wireless,
 title={A wireless sensor network compatible wearable u-healthcare monitoring system using integrated ECG, accelerometer and SpO 2},
 author={Chung, Wan-Young and Lee, Young-Dong and Jung, Sang-Joong},
 booktitle={Engineering in Medicine and Biology Society, 2008. EMBS 2008. 30th Annual International Conference of the IEEE},
 pages={1529--1532},
 year={2008},
 organization={IEEE}
}

%%%%State of the art. ALGORITHMS
@article{banaee2013data,
  title={Data mining for wearable sensors in health monitoring systems: a review of recent trends and challenges},
  author={Banaee, Hadi and Ahmed, Mobyen Uddin and Loutfi, Amy},
  journal={Sensors},
  volume={13},
  number={12},
  pages={17472--17500},
  year={2013},
  publisher={Multidisciplinary Digital Publishing Institute}
}
@article{bellazzi2008predictive,
  title={Predictive data mining in clinical medicine: current issues and guidelines},
  author={Bellazzi, Riccardo and Zupan, Blaz},
  journal={International journal of medical informatics},
  volume={77},
  number={2},
  pages={81--97},
  year={2008},
  publisher={Elsevier}
}

@article{fu2011review,
  title={A review on time series data mining},
  author={Fu, Tak-chung},
  journal={Engineering Applications of Artificial Intelligence},
  volume={24},
  number={1},
  pages={164--181},
  year={2011},
  publisher={Elsevier}
}


%SVM
@article{cortes1995support,
  title={Support-vector networks},
  author={Cortes, Corinna and Vapnik, Vladimir},
  journal={Machine learning},
  volume={20},
  number={3},
  pages={273--297},
  year={1995},
  publisher={Springer}
}
@article{hu2008robust,
  title={Robust medical ad hoc sensor networks (MASN) with wavelet-based ECG data mining},
  author={Hu, Fei and Jiang, Meng and Celentano, Laura and Xiao, Yang},
  journal={Ad Hoc Networks},
  volume={6},
  number={7},
  pages={986--1012},
  year={2008},
  publisher={Elsevier}
}
@article{lee2012low,
  title={Low-energy formulations of support vector machine kernel functions for biomedical sensor applications},
  author={Lee, Kyong Ho and Kung, Sun-Yuan and Verma, Naveen},
  journal={Journal of Signal Processing Systems},
  volume={69},
  number={3},
  pages={339--349},
  year={2012},
  publisher={Springer}
}

%HMM
@inproceedings{quwaider2008body,
  title={Body posture identification using hidden Markov model with a wearable sensor network},
  author={Quwaider, Muhannad and Biswas, Subir},
  booktitle={Proceedings of the ICST 3rd international conference on Body area networks},
  pages={19},
  year={2008},
  organization={ICST (Institute for Computer Sciences, Social-Informatics and Telecommunications Engineering)}
}
@article{zhu2011automatic,
  title={Automatic detection of anomalies in blood glucose using a machine learning approach},
  author={Zhu, Ying},
  journal={Communications and Networks, Journal of},
  volume={13},
  number={2},
  pages={125--131},
  year={2011},
  publisher={IEEE}
}
@inproceedings{woodbridge2011salient,
  title={Salient segmentation of medical time series signals},
  author={Woodbridge, Jonathan and Lan, Mars and Sarrafzadeh, Majid and Bui, Alex},
  booktitle={Healthcare Informatics, Imaging and Systems Biology (HISB), 2011 First IEEE International Conference on},
  pages={1--8},
  year={2011},
  organization={IEEE}
}

%Artificial neural networks
@article{al2011artificial,
  title={Artificial neural networks in medical diagnosis},
  author={Al-Shayea, Qeethara Kadhim},
  journal={International Journal of Computer Science Issues},
  volume={8},
  number={2},
  pages={150--154},
  year={2011},
  publisher={Citeseer}
}

@article{li2012dynamic,
  title={Dynamic time warping and machine learning for signal quality assessment of pulsatile signals},
  author={Li, Q and Clifford, GD},
  journal={Physiological measurement},
  volume={33},
  number={9},
  pages={1491},
  year={2012},
  publisher={IOP Publishing}
}

@article{vu2010online,
  title={Online discovery of Heart Rate Variability patterns in mobile healthcare services},
  author={Vu, Thi Hong Nhan and Park, Namkyu and Lee, Yang Koo and Lee, Yongmi and Lee, Jong Yun and Ryu, Keun Ho},
  journal={Journal of Systems and Software},
  volume={83},
  number={10},
  pages={1930--1940},
  year={2010},
  publisher={Elsevier}
}

@inproceedings{chatterjee2013persuasive,
  title={Persuasive and pervasive sensing: A new frontier to monitor, track and assist older adults suffering from type-2 diabetes},
  author={Chatterjee, Saptarshi and Dutta, Kaushik and Xie, Huan and Byun, Jongbok and Pottathil, Akshay and Moore, Miles},
  booktitle={System Sciences (HICSS), 2013 46th Hawaii International Conference on},
  pages={2636--2645},
  year={2013},
  organization={IEEE}
}

% decision trees
@article{frantzidis2010classification,
  title={On the classification of emotional biosignals evoked while viewing affective pictures: an integrated data-mining-based approach for healthcare applications},
  author={Frantzidis, Christos and Bratsas, Charalampos and Klados, Manousos and Konstantinidis, Evdokimos and Lithari, Chrysa D and Vivas, Ana B and Papadelis, Christos L and Kaldoudi, Eleni and Pappas, Costas and Bamidis, Panagiotis D and others},
  journal={Information Technology in Biomedicine, IEEE Transactions on},
  volume={14},
  number={2},
  pages={309--318},
  year={2010},
  publisher={IEEE}
}

@article{gaura2013leveraging,
  title={Leveraging knowledge from physiological data: On-body heat stress risk prediction with sensor networks},
  author={Gaura, Elena and Kemp, John and Brusey, James},
  journal={Biomedical Circuits and Systems, IEEE Transactions on},
  volume={7},
  number={6},
  pages={861--870},
  year={2013},
  publisher={IEEE}
}




%%%%%%%%%%%%%%%%%%%%%%%%%%%%%%%%%%%%% artificial neural networks
%% bilogical NN
@book{levitan2015neuron,
  title={The neuron: cell and molecular biology},
  author={Levitan, Irwin B and Kaczmarek, Leonard K and others},
  year={2015},
  publisher={Oxford University Press}
}

%Lodish H, Berk A, Zipursky SL, et al. Molecular Cell Biology. 4th edition. New York: W. H. Freeman; 2000. Section 21.1, Overview of Neuron Structure and Function. Available from: http://www.ncbi.nlm.nih.gov/books/NBK21535/
@book{cellBiology,
  author={Lodish H, Berk A, Zipursky SL, et al.},
  title={Molecular Cell Biology},
  publisher={(eBook)},
  year={2000},
  edition={2nd edition}
}


%% ANN
@book{Demuth:2014:NND:2721661,
 author = {Demuth, Howard B. and Beale, Mark H. and De Jess, Orlando and Hagan, Martin T.},
 title = {Neural Network Design},
 year = {2014},
 isbn = {0971732116, 9780971732117},
 edition = {2nd},
 publisher = {Martin Hagan},
 address = {USA},
} 

@article{dimith3neural,
  title={Neural Network ToolboxTM 6-User Guide},
  author={Dimith, H and Beale, M and Hagan, M},
  journal={The MathWorks, Inc},
  volume={3}
}


%% perceptron
@article{demuth2008neural,
  title={Neural network toolbox™ 6},
  author={Demuth, Howard and Beale, Mark and Hagan, Martin},
  journal={User’s guide},
  year={2008}
}

%NARX
@article{lin1996learning,
  title={Learning long-term dependencies in NARX recurrent neural networks},
  author={Lin, Tsungnam and Horne, Bil G and Ti{\v{n}}o, Peter and Giles, C Lee},
  journal={Neural Networks, IEEE Transactions on},
  volume={7},
  number={6},
  pages={1329--1338},
  year={1996},
  publisher={IEEE}
}

@article{menezes2008long,
  title={Long-term time series prediction with the NARX network: an empirical evaluation},
  author={Menezes, Jos{\'e} Maria P and Barreto, Guilherme A},
  journal={Neurocomputing},
  volume={71},
  number={16},
  pages={3335--3343},
  year={2008},
  publisher={Elsevier}
}


%% SNN
@article{booij2004temporal,
  title={Temporal pattern classification using spiking neural networks},
  author={Booij, Olaf},
  journal={Unpublished master’s thesis, University of Amsterdam (August 2004)},
  year={2004}
}
@article{vreeken2002spiking,
  title={Spiking neural networks, an introduction},
  author={Vreeken, Jilles and others},
  journal={Institute for Information and Computing Sciences, Utrecht University Technical Report UU-CS-2003-008},
  year={2002}
}

%models
@incollection{paugam2012computing,
  title={Computing with spiking neuron networks},
  author={Paugam-Moisy, H{\'e}lene and Bohte, Sander},
  booktitle={Handbook of natural computing},
  pages={335--376},
  year={2012},
  publisher={Springer}
}
%SRM
@book{gerstner2002spiking,
  title={Spiking neuron models: Single neurons, populations, plasticity},
  author={Gerstner, Wulfram and Kistler, Werner M},
  year={2002},
  publisher={Cambridge university press}
}
%Hodgkin-Huxley
@article{chiu1979quantitative,
  title={A quantitative description of membrane currents in rabbit myelinated nerve.},
  author={Chiu, SY and Ritchie, JM and Rogart, RB and Stagg, D},
  journal={The Journal of Physiology},
  volume={292},
  number={1},
  pages={149--166},
  year={1979},
  publisher={Wiley Online Library}
}
%Izhikevich
@article{izhikevich2003simple,
  title={Simple model of spiking neurons},
  author={Izhikevich, Eugene M and others},
  journal={IEEE Transactions on neural networks},
  volume={14},
  number={6},
  pages={1569--1572},
  year={2003}
}



%codification
@book{maass2001pulsed,
  title={Pulsed neural networks},
  author={Maass, Wolfgang and Bishop, Christopher M},
  year={2001},
  publisher={MIT press}
}



%%% learning algorithms
@inproceedings{schrauwen2004extending,
  title={Extending spikeprop},
  author={Schrauwen, Benjamin and Van Campenhout, Jan},
  booktitle={Neural Networks, 2004. Proceedings. 2004 IEEE International Joint Conference on},
  volume={1},
  year={2004},
  organization={IEEE}
}

%snn
@article{booij2005gradient,
  title={A gradient descent rule for spiking neurons emitting multiple spikes},
  author={Booij, Olaf and tat Nguyen, Hieu},
  journal={Information Processing Letters},
  volume={95},
  number={6},
  pages={552--558},
  year={2005},
  publisher={Elsevier}
}

@article{booij2004temporal,
  title={Temporal pattern classification using spiking neural networks},
  author={Booij, Olaf},
  journal={Unpublished master’s thesis, University of Amsterdam (August 2004)},
  year={2004}
}
@article{bohte2002error,
  title={Error-backpropagation in temporally encoded networks of spiking neurons},
  author={Bohte, Sander M and Kok, Joost N and La Poutre, Han},
  journal={Neurocomputing},
  volume={48},
  number={1},
  pages={17--37},
  year={2002},
  publisher={Elsevier}
}


%%%%%%%%%%%%%%%%%%%%%%%%%%%%%%%% EXPERIMENTAL SETUP
@article{sanya2005impairment,
 title={Impairment of parasympathetic baroreflex responses in migraine patients},
 author={Sanya, EO and Brown, CM and Wilmowsky, C and Neund{\"o}rfer, B and Hilz, MJ},
 journal={Acta neurologica scandinavica},
 volume={111},
 number={2},
 pages={102--107},
 year={2005},
 publisher={Wiley Online Library}
}

%%physip-signals
@article{wang2008analysis,
 title={Analysis of human electrocardiogram for biometric recognition},
 author={Wang, Yongjin and Agrafioti, Foteini and Hatzinakos, Dimitrios and Plataniotis, Konstantinos N},
 journal={EURASIP journal on Advances in Signal Processing},
 volume={2008},
 pages={19},
 year={2008},
 publisher={Hindawi Publishing Corp.}
}

@article{sinex1999pulse,
 title={Pulse oximetry: principles and limitations},
 author={Sinex, James E},
 journal={The American journal of emergency medicine},
 volume={17},
 number={1},
 pages={59--66},
 year={1999},
 publisher={Elsevier}
}

@article{bagha2011real,
 title={A Real Time Analysis of {PPG} Signal for Measurement of {S}p{O}2 and Pulse Rate},
 author={Bagha, Sangeeta and Shaw, Laxmi},
 journal={International journal of computer applications},
 volume={36},
 year={2011}
}

@article{allen2007photoplethysmography,
 title={Photoplethysmography and its application in clinical physiological measurement},
 author={Allen, John},
 journal={Physiological measurement},
 volume={28},
 number={3},
 pages={R1},
 year={2007},
 publisher={IOP Publishing}
}

@inbook {blinowska2006eeg,
title = {Electroencephalography ({EEG})},
author = {Blinowska, Katarzyna and Durka, Piotr},
publisher = {John Wiley \& Sons, Inc.},
isbn = {9780471740360},
url = {http://dx.doi.org/10.1002/9780471740360.ebs0418},
doi = {10.1002/9780471740360.ebs0418},
keywords = {electroencephalography, EEG, brain},
booktitle = {Wiley Encyclopedia of Biomedical Engineering},
year = {2006},
}

@article{van2006evaluation,
 title={Evaluation of wireless determination of skin temperature using i{B}uttons},
 author={van Marken Lichtenbelt, Wouter D and Daanen, Hein AM and Wouters, Loek and Fronczek, Rolf and Raymann, Roy JEM and Severens, Natascha MW and Van Someren, Eus JW},
 journal={Physiology \& Behavior},
 volume={88},
 number={4},
 pages={489--497},
 year={2006},
 publisher={Elsevier}
}

@manual{PoligraphLesson,
        title = {Physiology lessons for use with the {B}iopac {S}tudent {L}ab. {L}esson 9: {G}alvanic skin response \& the {P}olygraph},
        author = {Richard Pflander and William McMullen},
        organization = {BIOPAC Systems Inc},
}

@article{braithwaite2013guide,
 title={A Guide for Analysing Electrodermal Activity ({EDA}) \& Skin Conductance Responses ({SCR}s) for Psychological Experiments},
 author={Braithwaite, Jason J and Watson, Derrick G and Jones, Robert and Rowe, Mickey},
 journal={Psychophysiology},
 volume={49},
 pages={1017--1034},
 year={2013}
}

@article{barbanti2013dopaminergic,
 title={Dopaminergic symptoms in migraine},
 author={Barbanti, Piero and Fofi, L and Aurilia, C and Egeo, G},
 journal={Neurological Sciences},
 volume={34},
 number={1},
 pages={67--70},
 year={2013},
 publisher={Springer}
}
@article{gass2013autonomic,
 title={Autonomic Dysregulation in Headache Patients},
 author={Gass, Jason J and Glaros, Alan G},
 journal={Applied psychophysiology and biofeedback},
 volume={38},
 number={4},
 pages={257--263},
 year={2013},
 publisher={Springer}
}
@article{becker2013premonitory,
 title={The premonitory phase of migraine and migraine management},
 author={Becker, Werner J},
 journal={Cephalalgia},
 volume={33},
 number={13},
 pages={1117--1121},
 year={2013},
 publisher={SAGE Publications}
}
@article{hassinger1999cardiovascular,
 title={Cardiovascular responses to pain and stress in migraine},
 author={Hassinger, Hilary J and Semenchuk, Elizabeth M and O'Brien, William H},
 journal={Headache: The Journal of Head and Face Pain},
 volume={39},
 number={9},
 pages={605--615},
 year={1999},
 publisher={Wiley Online Library}
}
@article{mendes2009assessing,
 title={Assessing autonomic nervous system activity},
 author={Mendes, Wendy Berry},
 journal={Methods in social neuroscience},
 pages={118--147},
 year={2009},
 publisher={Guilford Press, New York}
}

%%experiment

@misc{NONINws,
        title={Nonin website},
author={Nonin},
howpublished={\url{http://www.nonin.com/Home}},
        note={Accessed: 2014-01-08}
}

@misc{BIOPLUXws,
        title={{PLUX-Wireless Biosignlas} website},
author={PLUX},
howpublished={\url{http://www.biosignalsplux.com/index.php/product}},
        note={Accessed: 2014-01-21}
}

%pain curve
@article{hawker2011measures,
  title={Measures of adult pain: Visual analog scale for pain (vas pain), numeric rating scale for pain (nrs pain), mcgill pain questionnaire (mpq), short-form mcgill pain questionnaire (sf-mpq), chronic pain grade scale (cpgs), short form-36 bodily pain scale (sf-36 bps), and measure of intermittent and constant osteoarthritis pain (icoap)},
  author={Hawker, Gillian A and Mian, Samra and Kendzerska, Tetyana and French, Melissa},
  journal={Arthritis care \& research},
  volume={63},
  number={S11},
  pages={S240--S252},
  year={2011},
  publisher={Wiley Online Library}
}
@article{williamson2005pain,
  title={Pain: a review of three commonly used pain rating scales},
  author={Williamson, Amelia and Hoggart, Barbara},
  journal={Journal of clinical nursing},
  volume={14},
  number={7},
  pages={798--804},
  year={2005},
  publisher={Wiley Online Library}
}
@article{bashir2013comparative,
  title={A comparative study between different pain rating scales in patients of osteoarthritis.},
  author={Bashir, Mohammed Shakeel Mohammed and Khade, Ajay and Borkar, Praful and Saleem, Mohammed and Lingaswamy, Vanteddu and Reddy, Dinesh},
  year={2013}
}
@article{ferreira2011validity,
  title={Validity of four pain intensity rating scales},
  author={Ferreira-Valente, Maria Alexandra and Pais-Ribeiro, Jos{\'e} Lu{\'\i}s and Jensen, Mark P},
  journal={PAIN{\textregistered}},
  volume={152},
  number={10},
  pages={2399--2404},
  year={2011},
  publisher={Elsevier}
}



